<record><leader>00000cas a2200000Ma 4500</leader><controlfield tag="001">10829973</controlfield><controlfield tag="008">840611d183618uumauwr ne      0    0eng d</controlfield><datafield ind1=" " ind2=" " tag="010"><subfield code="a">sn 84023344 </subfield></datafield><datafield ind1=" " ind2=" " tag="040"><subfield code="a">AQM</subfield><subfield code="b">eng</subfield><subfield code="c">AQM</subfield><subfield code="d">OCLCG</subfield><subfield code="d">OCLCQ</subfield><subfield code="d">OCLCO</subfield></datafield><datafield ind1="0" ind2="0" tag="245"><subfield code="a">Gospel sun.</subfield></datafield><datafield ind1="1" ind2="3" tag="246"><subfield code="a">Gospel sun and news register</subfield></datafield><datafield ind1="1" ind2="3" tag="246"><subfield code="a">News register</subfield></datafield><datafield ind1=" " ind2=" " tag="260"><subfield code="a">Boston [Mass.] :</subfield><subfield code="b">Farnsworth &amp; Safford,</subfield><subfield code="c">1836-</subfield></datafield><datafield ind1=" " ind2=" " tag="300"><subfield code="a">v.</subfield></datafield><datafield ind1=" " ind2=" " tag="310"><subfield code="a">Weekly</subfield></datafield><datafield ind1="0" ind2=" " tag="362"><subfield code="a">Vol. 1, no. 1, (Jan. 8, 1836)-</subfield></datafield><datafield ind1=" " ind2=" " tag="500"><subfield code="a">Editors: O.A. Skinner, &lt;1836&gt;; S. Cobb, &lt;1837&gt;; M.H. Smith, &lt;1837&gt;.</subfield></datafield><datafield ind1=" " ind2=" " tag="500"><subfield code="a">Publishers: Smith &amp; Safford, &lt;1837&gt;.</subfield></datafield><datafield ind1=" " ind2=" " tag="500"><subfield code="a">Published simultaneously at Haverhill, Mass., 1836-&lt;1837&gt;.</subfield></datafield><datafield ind1=" " ind2=" " tag="546"><subfield code="a">Second leaf has title: News register, &lt;Jan. 8, 1836&gt;.</subfield></datafield><datafield ind1=" " ind2="4" tag="655"><subfield code="a">Religious newspapers.</subfield></datafield><datafield ind1="1" ind2=" " tag="700"><subfield code="a">Skinner, Otis A.</subfield><subfield code="q">(Otis Ainsworth),</subfield><subfield code="d">1807-1861.</subfield></datafield><datafield ind1="1" ind2=" " tag="700"><subfield code="a">Cobb, Sylvanus,</subfield><subfield code="d">1798-1866.</subfield></datafield><datafield ind1="1" ind2=" " tag="700"><subfield code="a">Smith, Matthew Hale,</subfield><subfield code="d">1810-1879.</subfield></datafield><datafield ind1=" " ind2=" " tag="752"><subfield code="a">United States</subfield><subfield code="b">Massachusetts</subfield><subfield code="c">Suffolk</subfield><subfield code="d">Boston.</subfield></datafield><datafield ind1=" " ind2=" " tag="752"><subfield code="a">United States</subfield><subfield code="b">Massachusetts</subfield><subfield code="c">Essex</subfield><subfield code="d">Haverhill.</subfield></datafield></record>